  @article{ghosh2011comparative,
  title={Comparative Study of the Factors that Affect Maintainability},
  author={Ghosh, Soumi and Rana, Ajay Kumar},
  journal={International Journal on Computer Science and Engineering},
  volume={3},
  number={12},
  pages={3763},
  year={2011},
  publisher={Engg Journals Publications}
}

@book{gof,
  title={Design patterns: elements of reusable object-oriented software},
  author={Gamma, Erich and Helm, Richard and Johnson, Ralph and Vlissides, John},
  year={1994},
  publisher={Pearson Education}
}

@article{zhang,
  title={What do we know about the effectiveness of software design patterns?},
  author={Zhang, Cheng and Budgen, David},
  journal={Software Engineering, IEEE Transactions on},
  volume={38},
  number={5},
  pages={1213--1231},
  year={2012},
  publisher={IEEE}
}

@book{alexander1977pattern,
  title={A pattern language: towns, buildings, construction},
  author={Alexander, Christopher and Ishikawa, Sara and Silverstein, Murray},
  volume={2},
  year={1977},
  publisher={Oxford University Press}
}

@inproceedings{aversano2007empirical,
  title={An empirical study on the evolution of design patterns},
  author={Aversano, Lerina and Canfora, Gerardo and Cerulo, Luigi and Del Grosso, Concettina and Di Penta, Massimiliano},
  booktitle={Proceedings of the the 6th joint meeting of the European software engineering conference and the ACM SIGSOFT symposium on The foundations of software engineering},
  pages={385--394},
  year={2007},
  organization={ACM}
}

@article{zhang2012we,
  title={What do we know about the effectiveness of software design patterns?},
  author={Zhang, Cheng and Budgen, David},
  journal={Software Engineering, IEEE Transactions on},
  volume={38},
  number={5},
  pages={1213--1231},
  year={2012},
  publisher={IEEE}
}

@misc{freecol,
  title = {FreeCol},
  url = {http://www.freecol.org/about.html},
  urldate = {2015-10-05}
}
@misc{observerpng,
title ={UML class diagram of Observer pattern: Observer.svg},
url={https://en.wikipedia.org/wiki/Observer_pattern#/media/File:Observer.svg},
urldate = {2017-10-24}
}

@article{qualityassessment,
  title={A hierarchical model for object-oriented design quality assessment},
  author={Bansiya, Jagdish and Davis, Carl G},
  journal={Software Engineering, IEEE Transactions on},
  volume={28},
  number={1},
  pages={4--17},
  year={2002},
  publisher={IEEE}
}

@inproceedings{Awesome,
  title={Search-based software maintenance},
  author={O'Keeffe, Mark and Cinn{\'e}ide, Mel O},
  booktitle={Software Maintenance and Reengineering, 2006. CSMR 2006. Proceedings of the 10th European Conference on},
  pages={10--pp},
  year={2006},
  organization={IEEE}
}

@book{head,
  title={Head first design patterns},
  author={Freeman, Eric and Robson, Elisabeth and Bates, Bert and Sierra, Kathy},
  year={2004},
  publisher={" O'Reilly Media, Inc."}
}
@article{ghosh2011comparative,
  title={Comparative Study of the Factors that Affect Maintainability},
  author={Ghosh, Soumi and Rana, Ajay Kumar},
  journal={International Journal on Computer Science and Engineering},
  volume={3},
  number={12},
  pages={3763},
  year={2011},
  publisher={Engg Journals Publications}
}

@book{gamma1994design,
  title={Design patterns: elements of reusable object-oriented software},
  author={Gamma, Erich and Helm, Richard and Johnson, Ralph and Vlissides, John},
  year={1994},
  publisher={Pearson Education}
}

@article{Usefulnessofdesign,
  title={Two Controlled Experiments Assessing the Usefulness of Design
Pattern Documentation in Program Maintenance},
  author={L. Prechelt, B. Unger-Lamprecht, M. Philippsen, and W.F. Tichy,},
  journal={IEEE Trans. Software Eng},
  volume={28},
  number={6},
  pages={595-606},
  year={2002},
  publisher={IEEE}
}
